@article{ZhangWet15,
title = "Structural basis of arc binding to synaptic proteins: implications for cognitive disease.",
author = "Zhang, W. and Wu, J. and Ward, M.D. and Yang, S. and Chuang, Y.A. and Xiao, M. and Li, R. and Leahy, D.J. and Worley, P.F.",
journal = "Neuron", volume = "86", pages = "490--500", year = "2015"
} 

@article{ObalGet15,
title = "Conformational plasticity of a native retroviral capsid revealed by {X}-ray crystallography.",
author = "Obal, G. and Trajtenberg, F. and Carrion, F. and Tome, L. and Larrieux, N. and Zhang, X. and Pritsch, O. and Buschiazzo, A.",
journal = "Science", volume = "349", pages = "95--98", year = "2015",
note = "DOI: 10.1126/science.aaa5182",
OPTnote = "BLV: 4PH0   4PH1   4PH2   4PH3"
}

@article{MortuzaGBet08,
title = "Structure of {B}-tropic {MLV} capsid {N}-terminal domain.",
author = "Mortuza, G.B. and Dodding, M.P. and Goldstone, D.C. and Haire, L.F. and Stoye, J.P. and Taylor, I.A.",
journal = "J. Mol. Biol.", volume = "376", pages = "1493--1508", year = "2008",
OPTnote = "HML2: 3BP9"
}

@article{GambleTRet96,
title = "Crystal structure of human cyclophilin {A} bound to the amino-terminal domain of {HIV-1} capsid.",
author = " Gamble, T.R. and Vajdos, F.F. and Yoo, S. and Worthylake, D.K. and Houseweart, M. and Sundquist, W.I. and Hill, C.P.",
journal = "Cell", volume = "87", pages = "1285-1294", year = "1996", 
OPTnote = "HIV1n: 1AK4"
}

@article{WorthylakeDKet99,
title = "Structures of the {HIV-1} capsid protein dimerization domain at 2.6\AA\ resolution.",
author = "Worthylake, D.K. and Wang, H. and Yoo, S. and Sundquist, W.I. and Hill, C.P.",
journal = "Acta Crystallogr.,Sect.D", volume = "55", pages = "85--92", year = "1999",
note = "DOI: 10.1107/S0907444998007689",
OPTnote = "HIV1c: 1A43 (1BAJ)"
}

@article{PornillosOet09,
title = "{X}-ray structures of the hexameric building block of the {HIV} capsid.",
author = "Pornillos, O. and Ganser-Pornillos, B.K. and Kelly, B.N. and Hua, Y. and Whitby, F.G. and Stout, C.D. and Sundquist, W.I. and Hill, C.P. and Yeager, M.",
journal = "Cell", volume = "137", pages = "1282--1292", year = "2009",
note = "DOI: 10.1016/j.cell.2009.04.063",
OPTnote = "HIV6nc: 3H47=use, 3H4e=alt (3GV2)"
}

@article{KingstonRLet00,
title = "Structure and self-association of the {Rous} sarcoma virus capsid protein.",
author = "Kingston, R.L. and Fitzon-Ostendorp, T. and Eisenmesser, E.Z. and Schatz, G.W. and Vogt, V.M. and Post, C.B. and Rossmann, M.G.",
journal = "Structure Fold. Des.", volume = "8", pages = "617--628", year = "2000",
OPTnote = "RSVn: 1EM9 (1EOQ)"      
}

@article{BaileyGDet09,
title = "Proton-linked dimerization of a retroviral capsid protein initiates capsid assembly",
author = "Bailey, G.D. and Hyun, J.K. and Mitra, A.K. and Kingston, R.L.",
journal = "Structure", volume = "17", pages = "737--748", year = "2009",
note = "DOI: 10.1016/j.str.2009.03.010",
OPTnote = "RSVc: 3G1I (3G0V   3G1G   3G1I   3G21   3G26   3G28   3G29)" 
}
                                    
@article{GoldstoneDCet10,
title = "Structural and Functional Analysis of Prehistoric Lentiviruses Uncovers an Ancient Molecular Interface.",
author = "Goldstone, D.C. and Yap, M.W. and Robertson, L.E. and Haire, L.F. and Taylor, W.R. and Katzourakis, A. and Stoye, J.P. and Taylor, I.A.",
journal = "Cell Host Microbe", volume = "8", pages = "248--259", year = "2010",
note = "DOI: 10.1016/j.chom.2010.08.006",
OPTnote = "RELIK: 2XGU, PSIV: 2XGV, 2XGY"
}

@article{MacekPet09,
title = "{NMR} structure of the {N}-terminal domain of capsid protein from the mason-pfizer monkey virus",
author = " Macek, P. and Chmelik, J. and Krizova, I. and Kaderavek, P. and Padrta, P. and Zidek, L. and Wildova, M. and Hadravova, R. and Chaloupkova, R. and Pichova, I. and Ruml, T. and Rumlova, M. and Sklenar, V.",
journal = "J. Mol. Biol.", volume = "392", pages = "100--114", year = "2009",
note = "DOI: 10.1016/j.jmb.2009.06.029",
OPTnote = "MPMV: 2KGF"
}

@article{MortuzaGBet04,
title = "High-resolution structure of a retroviral capsid hexameric amino-terminal domain.",
author = "Mortuza, G.B. and Haire, L.F. and Stevens, A. and Smerdon, S.J. and Stoye, J.P. and Taylor, I.A.",
journal = "Nature", volume = "431", pages = "481--485", year = "2004",
note = "DOI: 10.1038/nature02915",
OPTnote = "MLV: 1U7K"
}

@article{MortuzaGBet09,
title = "Structure of the Capsid Amino-Terminal Domain from the Betaretrovirus, Jaagsiekte Sheep Retrovirus.",
author = "Mortuza, G.B. and Goldstone, D.C. and Pashley, C. and Haire, L.F. and Palmarini, M. and Taylor, W.R. and Stoye, J.P. and Taylor, I.A.",
journal = "J. Mol. Biol.", volume = "386", pages = "1179", year = "2009",
note = "DOI: 10.1016/j.jmb.2008.10.066",
OPTnote = "JSRV: 2V4X"
}

@article{CornilescuCCet01,
title = "Structural analysis of the {N}-terminal domain of the human {T}-cell leukemia virus capsid protein.",
author = "Cornilescu, C.C. and Bouamr, F. and Yao, X. and Carter, C. and Tjandra, N.",
journal = "J. Mol. Biol.", volume = "306", pages = "783--797", year = "2001",
note = "DOI: 10.1006/jmbi.2000.4395",
OPTnote = "HTLVn 1G03 (not used)"
}

@article{KhorasanizadehSet99,
title = "Sequence-specific {1H, 13C and 15N} chemical shift assignment and secondary structure of the {HTLV-I} capsid protein.",
author = "Khorasanizadeh, S. and Campos-Olivas, R. and Clark, C.A. and Summers, M.F.",
journal = "J. Biomol. NMR", volume = "14", pages = "199--200", year = "1999",
OPTnote = "HTLVnc: 1QRJ"
}
